@inproceedings{Kang2005,
 author = {Kang, Intae and Poovendran, Radha},
 title = {Iterated Local Optimization for Minimum Energy Broadcast},
 booktitle = {Proceedings of the Third International Symposium on Modeling and Optimization in Mobile, Ad Hoc, and Wireless Networks},
 series = {WIOPT '05},
 year = {2005},
 isbn = {0-7695-2267-X},
 pages = {332--341},
 numpages = {10},
 url = {http://dx.doi.org/10.1109/WIOPT.2005.24},
 doi = {http://dx.doi.org/10.1109/WIOPT.2005.24},
 acmid = {1059457},
 publisher = {IEEE Computer Society},
 address = {Washington, DC, USA},
}